<?xml version="1.0" encoding="UTF-8"?><collection xmlns="http://www.loc.gov/MARC21/slim"><record><leader>00501nam--2200193-u-4500</leader><controlfield tag="001">000053471</controlfield><controlfield tag="002">20161230</controlfield><controlfield tag="005">20161230201051</controlfield><controlfield tag="008">110406s1000------------r-----000-0-eng-d</controlfield><datafield ind1=" " ind2=" " tag="020"><subfield code="a">3540629335</subfield></datafield><datafield ind1=" " ind2=" " tag="040"><subfield code="a">IFIN-HH</subfield></datafield><datafield ind1=" " ind2=" " tag="080"><subfield code="a">546:26:661.8</subfield></datafield><datafield ind1="1" ind2=" " tag="100"><subfield code="a">Fitzer, E</subfield></datafield><datafield ind1="1" ind2="0" tag="245"><subfield code="a">Carbon reinforcements and carbon/carbon composites</subfield><subfield code="c">E. fitzer; l.m. manocha</subfield></datafield><datafield ind1=" " ind2=" " tag="260"><subfield code="a">Berlin</subfield><subfield code="b">Springer</subfield><subfield code="c">1998</subfield></datafield><datafield ind1=" " ind2=" " tag="300"><subfield code="a">342P</subfield></datafield><datafield ind1="1" ind2=" " tag="700"><subfield code="a">Manocha, L.M</subfield></datafield><datafield ind1=" " ind2=" " tag="852"><subfield code="a">81439</subfield><subfield code="c">546</subfield></datafield><datafield ind1=" " ind2=" " tag="CAT"><subfield code="a">Sys</subfield><subfield code="c">20110406</subfield><subfield code="h">150318</subfield></datafield></record></collection>